%%
% 参考文献
% 参考文献是毕业设计(论文)不可缺少的组成部分,它反映毕业设计(论文)的取材来源、材料的广博程度和材料的可靠程度,也是作者对他人知识成果的承认和尊重。一份完整的参考文献可向读者提供一份有价值的信息资料,列入的文献应在 10 篇以上,其中外文文献在 2 篇以上。
%%

@inproceedings{gabriel2004open,
  title={Open MPI: Goals, concept, and design of a next generation MPI implementation},
  author={Gabriel, Edgar and Fagg, Graham E and Bosilca, George and Angskun, Thara and Dongarra, Jack J and Squyres, Jeffrey M and Sahay, Vishal and Kambadur, Prabhanjan and Barrett, Brian and Lumsdaine, Andrew and others},
  booktitle={European Parallel Virtual Machine/Message Passing Interface Users’ Group Meeting},
  pages={97--104},
  year={2004},
  organization={Springer}
}

@inproceedings{zheng2014upc++,
  title={UPC++: a PGAS extension for C++},
  author={Zheng, Yili and Kamil, Amir and Driscoll, Michael B and Shan, Hongzhang and Yelick, Katherine},
  booktitle={2014 IEEE 28th International Parallel and Distributed Processing Symposium},
  pages={1105--1114},
  year={2014},
  organization={IEEE}
}

@article{dean2008mapreduce,
  title={MapReduce: simplified data processing on large clusters},
  author={Dean, Jeffrey and Ghemawat, Sanjay},
  journal={Communications of the ACM},
  volume={51},
  number={1},
  pages={107--113},
  year={2008},
  publisher={ACM New York, NY, USA}
}

@inproceedings{zaharia2010spark,
  title={Spark: Cluster computing with working sets},
  author={Zaharia, Matei and Chowdhury, Mosharaf and Franklin, Michael J and Shenker, Scott and Stoica, Ion},
  booktitle={2nd USENIX Workshop on Hot Topics in Cloud Computing (HotCloud 10)},
  year={2010}
}

@inproceedings{moritz2018ray,
  title={Ray: A distributed framework for emerging $\{$AI$\}$ applications},
  author={Moritz, Philipp and Nishihara, Robert and Wang, Stephanie and Tumanov, Alexey and Liaw, Richard and Liang, Eric and Elibol, Melih and Yang, Zongheng and Paul, William and Jordan, Michael I and others},
  booktitle={13th USENIX Symposium on Operating Systems Design and Implementation (OSDI 18)},
  pages={561--577},
  year={2018}
}

@inproceedings{babuji2019parsl,
  title={Parsl: Pervasive parallel programming in python},
  author={Babuji, Yadu and Woodard, Anna and Li, Zhuozhao and Katz, Daniel S and Clifford, Ben and Kumar, Rohan and Lacinski, Lukasz and Chard, Ryan and Wozniak, Justin M and Foster, Ian and others},
  booktitle={Proceedings of the 28th International Symposium on High-Performance Parallel and Distributed Computing},
  pages={25--36},
  year={2019}
}

@article{pfister2001introduction,
  title={An introduction to the infiniband architecture},
  author={Pfister, Gregory F},
  journal={High performance mass storage and parallel I/O},
  volume={42},
  number={617-632},
  pages={102},
  year={2001}
}

@inproceedings{mitchell2013using,
  title={Using $\{$One-Sided$\}$$\{$RDMA$\}$ Reads to Build a Fast,$\{$CPU-Efficient$\}$$\{$Key-Value$\}$ Store},
  author={Mitchell, Christopher and Geng, Yifeng and Li, Jinyang},
  booktitle={2013 USENIX Annual Technical Conference (USENIX ATC 13)},
  pages={103--114},
  year={2013}
}

@inproceedings{wang2021ownership,
  title={Ownership: A Distributed Futures System for $\{$Fine-Grained$\}$ Tasks},
  author={Wang, Stephanie and Liang, Eric and Oakes, Edward and Hindman, Ben and Luan, Frank Sifei and Cheng, Audrey and Stoica, Ion},
  booktitle={18th USENIX Symposium on Networked Systems Design and Implementation (NSDI 21)},
  pages={671--686},
  year={2021}
}

@inproceedings{taranov2021naos,
  title={Naos: Serialization-free $\{$RDMA$\}$ networking in Java},
  author={Taranov, Konstantin and Bruno, Rodrigo and Alonso, Gustavo and Hoefler, Torsten},
  booktitle={2021 USENIX Annual Technical Conference (USENIX ATC 21)},
  pages={1--14},
  year={2021}
}

@inproceedings{chapman2010introducing,
  title={Introducing OpenSHMEM: SHMEM for the PGAS community},
  author={Chapman, Barbara and Curtis, Tony and Pophale, Swaroop and Poole, Stephen and Kuehn, Jeff and Koelbel, Chuck and Smith, Lauren},
  booktitle={Proceedings of the Fourth Conference on Partitioned Global Address Space Programming Model},
  pages={1--3},
  year={2010}
}

@inproceedings{neugebauer2018understanding,
  title={Understanding PCIe performance for end host networking},
  author={Neugebauer, Rolf and Antichi, Gianni and Zazo, Jos{\'e} Fernando and Audzevich, Yury and L{\'o}pez-Buedo, Sergio and Moore, Andrew W},
  booktitle={Proceedings of the 2018 Conference of the ACM Special Interest Group on Data Communication},
  pages={327--341},
  year={2018}
}

@article{liu2004high,
  title={High performance RDMA-based MPI implementation over InfiniBand},
  author={Liu, Jiuxing and Wu, Jiesheng and Panda, Dhabaleswar K},
  journal={International Journal of Parallel Programming},
  volume={32},
  number={3},
  pages={167--198},
  year={2004},
  publisher={Springer}
}

@inproceedings{sur2006rdma,
  title={RDMA read based rendezvous protocol for MPI over InfiniBand: design alternatives and benefits},
  author={Sur, Sayantan and Jin, Hyun-Wook and Chai, Lei and Panda, Dhabaleswar K},
  booktitle={Proceedings of the eleventh ACM SIGPLAN symposium on Principles and practice of parallel programming},
  pages={32--39},
  year={2006}
}

@article{wang2013gpu,
  title={GPU-aware MPI on RDMA-enabled clusters: Design, implementation and evaluation},
  author={Wang, Hao and Potluri, Sreeram and Bureddy, Devendar and Rosales, Carlos and Panda, Dhabaleswar K},
  journal={IEEE Transactions on Parallel and Distributed Systems},
  volume={25},
  number={10},
  pages={2595--2605},
  year={2013},
  publisher={IEEE}
}

@inproceedings{kalia2014using,
  title={Using RDMA efficiently for key-value services},
  author={Kalia, Anuj and Kaminsky, Michael and Andersen, David G},
  booktitle={Proceedings of the 2014 ACM Conference on SIGCOMM},
  pages={295--306},
  year={2014}
}

@inproceedings{su2017rfp,
  title={Rfp: When rpc is faster than server-bypass with rdma},
  author={Su, Maomeng and Zhang, Mingxing and Chen, Kang and Guo, Zhenyu and Wu, Yongwei},
  booktitle={Proceedings of the Twelfth European Conference on Computer Systems},
  pages={1--15},
  year={2017}
}

@techreport{bonachea2017gasnet,
  title={GASNet Specification, v1. 8.1},
  author={Bonachea, Dan and Hargrove, Paul},
  year={2017},
  institution={Lawrence Berkeley National Lab.(LBNL), Berkeley, CA (United States)}
}

@inproceedings{dragojevic2014farm,
  title={$\{$FaRM$\}$: Fast Remote Memory},
  author={Dragojevi{\'c}, Aleksandar and Narayanan, Dushyanth and Castro, Miguel and Hodson, Orion},
  booktitle={11th USENIX Symposium on Networked Systems Design and Implementation (NSDI 14)},
  pages={401--414},
  year={2014}
}

@inproceedings{taranov2021corm,
  title={CoRM: Compactable Remote Memory over RDMA},
  author={Taranov, Konstantin and Di Girolamo, Salvatore and Hoefler, Torsten},
  booktitle={Proceedings of the 2021 International Conference on Management of Data},
  pages={1811--1824},
  year={2021}
}

@inproceedings{gu2017efficient,
  title={Efficient memory disaggregation with infiniswap},
  author={Gu, Juncheng and Lee, Youngmoon and Zhang, Yiwen and Chowdhury, Mosharaf and Shin, Kang G},
  booktitle={14th USENIX Symposium on Networked Systems Design and Implementation (NSDI 17)},
  pages={649--667},
  year={2017}
}

@inproceedings{jose2011memcached,
  title={Memcached design on high performance rdma capable interconnects},
  author={Jose, Jithin and Subramoni, Hari and Luo, Miao and Zhang, Minjia and Huang, Jian and Wasi-ur-Rahman, Md and Islam, Nusrat S and Ouyang, Xiangyong and Wang, Hao and Sur, Sayantan and others},
  booktitle={2011 International Conference on Parallel Processing},
  pages={743--752},
  year={2011},
  organization={IEEE}
}

@inproceedings{li2021hatrpc,
  title={HatRPC: hint-accelerated thrift RPC over RDMA},
  author={Li, Tianxi and Shi, Haiyang and Lu, Xiaoyi},
  booktitle={Proceedings of the International Conference for High Performance Computing, Networking, Storage and Analysis},
  pages={1--14},
  year={2021}
}

@inproceedings{frey2009minimizing,
  title={Minimizing the hidden cost of RDMA},
  author={Frey, Philip Werner and Alonso, Gustavo},
  booktitle={2009 29th IEEE International Conference on Distributed Computing Systems},
  pages={553--560},
  year={2009},
  organization={IEEE}
}

@inproceedings{gamblin2015spack,
  title={The Spack package manager: bringing order to HPC software chaos},
  author={Gamblin, Todd and LeGendre, Matthew and Collette, Michael R and Lee, Gregory L and Moody, Adam and De Supinski, Bronis R and Futral, Scott},
  booktitle={Proceedings of the International Conference for High Performance Computing, Networking, Storage and Analysis},
  pages={1--12},
  year={2015}
}

@article{pagh2004cuckoo,
  title={Cuckoo hashing},
  author={Pagh, Rasmus and Rodler, Flemming Friche},
  journal={Journal of Algorithms},
  volume={51},
  number={2},
  pages={122--144},
  year={2004},
  publisher={Elsevier}
}

@misc{plasma, 
  title={The plasma in-memory object store}, 
  url={https://arrow.apache.org/docs/python/plasma.html}, 
  journal={The Plasma In-Memory Object Store - Apache Arrow v7.0.0}
} 

@misc{redis,
  title = {Redis},
  howpublished={\url{https://redis.io/}},
  url={https://redis.io/},
  journal={Redis}
}

@misc{ae,
  title = {Redis Event Library},
  howpublished={\url{https://redis.io/docs/reference/internals/internals-rediseventlib/}},
  url={https://redis.io/docs/reference/internals/internals-rediseventlib/},
  journal={Redis Event Library}
}

@misc{ray,
  title = {Ray},
  howpublished={\url{https://www.ray.io/}},
  url={https://www.ray.io/},
  journal={Ray}
}

@misc{ray_whitepaper,
  title = {Ray Architecture Whitepaper},
  howpublished={\url{https://docs.ray.io/en/latest/ray-contribute/whitepaper.html}},
  url={https://docs.ray.io/en/latest/ray-contribute/whitepaper.html},
  journal={Ray Architecture Whitepaper}
}